@BOOK{tjpl,
	title = {The Java Programming Language},
	publisher = {Addison-Wesley Professional},
	author = {K. Arnold, J. Gosling, D. Holmes},
	year = {2005},
	edition = {4th}
}

@BOOK{pij,
	title = {Programmare in Java Vol. I, II, III},
	publisher = {Edizioni ETS},
	author = {G. Frosini, A. Vecchio},
	year = {2005}
}

@Misc{tjse8d,
	author = {{Oracle Corporation}},
	title = {{The Java SE 8 Documentation}},
	howpublished = {\url{https://docs.oracle.com/javase/8/}},
	year = 2014,
	note = {Accessed: 2016-05-31}
}

@Misc{tjfx2d,
	author = {{Oracle Corporation}},
	title = {{The Java FX 2 Documentation}},
	howpublished = {\url{https://docs.oracle.com/javafx/2/}},
	year = 2014,
	note = {Accessed: 2016-05-31}
}

@Misc{tjse8a,
	author = {{Oracle Corporation}},
	title = {{The Java FX 2 API}},
	howpublished = {\url{https://docs.oracle.com/javase/8/docs/api/}},
	year = 2014,
	note = {Accessed: 2016-05-31}
}

@Misc{tjfx2a,
	author = {{Oracle Corporation}},
	title = {{The Java FX 2 API}},
	howpublished = {\url{https://docs.oracle.com/javafx/2/api/}},
	year = 2014,
	note = {Accessed: 2016-05-31}
}
